[gd_resource type="Theme" load_steps=25 format=2]

[ext_resource path="res://ui/buttons/voiders_makerz_button_hover.tres" type="StyleBox" id=1]
[ext_resource path="res://ui/buttons/voiders_makerz_button_pressed.tres" type="StyleBox" id=2]
[ext_resource path="res://ui/buttons/voiders_makerz_button_normal.tres" type="StyleBox" id=3]
[ext_resource path="res://ui/buttons/voiders_makerz_hscrollbar_scroll.tres" type="StyleBox" id=4]
[ext_resource path="res://ui/buttons/voiders_makerz_hscrollbar_grabber_highlight.tres" type="StyleBox" id=5]
[ext_resource path="res://ui/icons/checkbox-checked.png" type="Texture" id=6]
[ext_resource path="res://ui/buttons/voiders_makerz_item_list.tres" type="StyleBox" id=7]
[ext_resource path="res://ui/buttons/voiders_makerz_label.tres" type="StyleBox" id=8]
[ext_resource path="res://ui/buttons/voiders_makerz_line_edit.tres" type="StyleBox" id=9]
[ext_resource path="res://ui/buttons/voiders_makerz_line_edit_focus.tres" type="StyleBox" id=10]
[ext_resource path="res://ui/buttons/voiders_makerz_panel.tres" type="StyleBox" id=11]
[ext_resource path="res://ui/fonts/Iceland-Regular.ttf" type="DynamicFontData" id=12]
[ext_resource path="res://ui/buttons/voiders_makerz_text_edit.tres" type="StyleBox" id=13]
[ext_resource path="res://ui/buttons/voiders_makerz_vscrollbar_grabber.tres" type="StyleBox" id=14]
[ext_resource path="res://ui/buttons/voiders_makerz_vscrollbar_grabber_highlight.tres" type="StyleBox" id=15]
[ext_resource path="res://ui/buttons/voiders_makerz_vscrollbar_scroll.tres" type="StyleBox" id=16]
[ext_resource path="res://ui/buttons/voiders_makerz_rich_text_label.tres" type="StyleBox" id=17]
[ext_resource path="res://ui/buttons/voiders_makerz_button_focus.tres" type="StyleBox" id=18]
[ext_resource path="res://ui/buttons/voiders_makerz_button_disabled.tres" type="StyleBox" id=19]
[ext_resource path="res://ui/buttons/voiders_makerz_hscrollbar_grabber.tres" type="StyleBox" id=20]
[ext_resource path="res://ui/icons/checkbox-unchecked.png" type="Texture" id=21]

[sub_resource type="DynamicFont" id=1]
size = 25
font_data = ExtResource( 12 )

[sub_resource type="DynamicFont" id=2]
size = 25
font_data = ExtResource( 12 )

[sub_resource type="DynamicFont" id=3]
size = 30
font_data = ExtResource( 12 )

[resource]
default_font = SubResource( 3 )
Button/colors/font_color = Color( 0.0156863, 0.772549, 0.12549, 1 )
Button/colors/font_color_disabled = Color( 0.117647, 0.498039, 0.172549, 1 )
Button/colors/font_color_hover = Color( 0.0156863, 0.772549, 0.12549, 1 )
Button/colors/font_color_pressed = Color( 0.0156863, 0.772549, 0.12549, 1 )
Button/constants/hseparation = 2
Button/fonts/font = null
Button/styles/disabled = ExtResource( 19 )
Button/styles/focus = ExtResource( 18 )
Button/styles/hover = ExtResource( 1 )
Button/styles/normal = ExtResource( 3 )
Button/styles/pressed = ExtResource( 2 )
CheckBox/colors/font_color = Color( 0.0156863, 0.772549, 0.12549, 1 )
CheckBox/colors/font_color_disabled = Color( 0.117647, 0.498039, 0.172549, 1 )
CheckBox/colors/font_color_hover = Color( 0.0156863, 0.772549, 0.12549, 1 )
CheckBox/colors/font_color_hover_pressed = Color( 0.0156863, 0.772549, 0.12549, 1 )
CheckBox/colors/font_color_pressed = Color( 0.0156863, 0.772549, 0.12549, 1 )
CheckBox/constants/check_vadjust = 0
CheckBox/constants/hseparation = 4
CheckBox/fonts/font = null
CheckBox/icons/checked = ExtResource( 6 )
CheckBox/icons/radio_checked = null
CheckBox/icons/radio_unchecked = null
CheckBox/icons/unchecked = ExtResource( 21 )
CheckBox/styles/disabled = null
CheckBox/styles/focus = null
CheckBox/styles/hover = null
CheckBox/styles/hover_pressed = null
CheckBox/styles/normal = null
CheckBox/styles/pressed = null
HScrollBar/icons/decrement = null
HScrollBar/icons/decrement_highlight = null
HScrollBar/icons/increment = null
HScrollBar/icons/increment_highlight = null
HScrollBar/styles/grabber = ExtResource( 20 )
HScrollBar/styles/grabber_highlight = ExtResource( 5 )
HScrollBar/styles/grabber_pressed = ExtResource( 5 )
HScrollBar/styles/scroll = ExtResource( 4 )
HScrollBar/styles/scroll_focus = ExtResource( 4 )
ItemList/colors/font_color = Color( 0.541176, 0.541176, 0.541176, 1 )
ItemList/colors/font_color_selected = Color( 1, 1, 1, 1 )
ItemList/colors/guide_color = Color( 0, 0, 0, 0.1 )
ItemList/constants/hseparation = 4
ItemList/constants/icon_margin = 4
ItemList/constants/line_separation = 2
ItemList/constants/vseparation = 2
ItemList/fonts/font = null
ItemList/styles/bg = ExtResource( 7 )
ItemList/styles/bg_focus = null
ItemList/styles/cursor = null
ItemList/styles/cursor_unfocused = null
ItemList/styles/selected = null
ItemList/styles/selected_focus = null
Label/colors/font_color = Color( 0.0156863, 0.772549, 0.12549, 1 )
Label/colors/font_color_shadow = Color( 0, 0, 0, 0 )
Label/colors/font_outline_modulate = Color( 1, 1, 1, 1 )
Label/constants/line_spacing = 3
Label/constants/shadow_as_outline = 0
Label/constants/shadow_offset_x = 0
Label/constants/shadow_offset_y = 0
Label/fonts/font = null
Label/styles/normal = ExtResource( 8 )
LineEdit/colors/clear_button_color = Color( 0.878431, 0.878431, 0.878431, 1 )
LineEdit/colors/clear_button_color_pressed = Color( 1, 1, 1, 1 )
LineEdit/colors/cursor_color = Color( 0.941176, 0.941176, 0.941176, 1 )
LineEdit/colors/font_color = Color( 0.878431, 0.878431, 0.878431, 1 )
LineEdit/colors/font_color_selected = Color( 0, 0, 0, 1 )
LineEdit/colors/selection_color = Color( 0.490196, 0.490196, 0.490196, 1 )
LineEdit/constants/minimum_spaces = 12
LineEdit/fonts/font = null
LineEdit/icons/clear = null
LineEdit/styles/focus = ExtResource( 10 )
LineEdit/styles/normal = ExtResource( 9 )
LineEdit/styles/read_only = ExtResource( 9 )
Panel/styles/panel = ExtResource( 11 )
Panel/styles/panelf = null
Panel/styles/panelnc = null
RichTextLabel/colors/default_color = Color( 0.878431, 0.878431, 0.878431, 1 )
RichTextLabel/colors/font_color_selected = Color( 0.490196, 0.490196, 0.490196, 1 )
RichTextLabel/colors/font_color_shadow = Color( 0, 0, 0, 0 )
RichTextLabel/colors/selection_color = Color( 0.1, 0.1, 1, 0.8 )
RichTextLabel/constants/line_separation = 1
RichTextLabel/constants/shadow_as_outline = 0
RichTextLabel/constants/shadow_offset_x = 1
RichTextLabel/constants/shadow_offset_y = 1
RichTextLabel/constants/table_hseparation = 3
RichTextLabel/constants/table_vseparation = 3
RichTextLabel/fonts/bold_font = null
RichTextLabel/fonts/bold_italics_font = null
RichTextLabel/fonts/italics_font = null
RichTextLabel/fonts/mono_font = null
RichTextLabel/fonts/normal_font = SubResource( 1 )
RichTextLabel/styles/focus = null
RichTextLabel/styles/normal = ExtResource( 17 )
TextEdit/colors/background_color = Color( 0, 0, 0, 0 )
TextEdit/colors/bookmark_color = Color( 0.08, 0.49, 0.98, 1 )
TextEdit/colors/brace_mismatch_color = Color( 1, 0.2, 0.2, 1 )
TextEdit/colors/breakpoint_color = Color( 0.8, 0.8, 0.4, 0.2 )
TextEdit/colors/caret_background_color = Color( 0, 0, 0, 1 )
TextEdit/colors/caret_color = Color( 0.88, 0.88, 0.88, 1 )
TextEdit/colors/code_folding_color = Color( 0.8, 0.8, 0.8, 0.8 )
TextEdit/colors/completion_background_color = Color( 0.17, 0.16, 0.2, 1 )
TextEdit/colors/completion_existing_color = Color( 0.87, 0.87, 0.87, 0.13 )
TextEdit/colors/completion_font_color = Color( 0.67, 0.67, 0.67, 1 )
TextEdit/colors/completion_scroll_color = Color( 1, 1, 1, 1 )
TextEdit/colors/completion_selected_color = Color( 0.26, 0.26, 0.27, 1 )
TextEdit/colors/current_line_color = Color( 0.25, 0.25, 0.26, 0.8 )
TextEdit/colors/executing_line_color = Color( 0.2, 0.8, 0.2, 0.4 )
TextEdit/colors/font_color = Color( 0.88, 0.88, 0.88, 1 )
TextEdit/colors/font_color_readonly = Color( 0.88, 0.88, 0.88, 0.5 )
TextEdit/colors/font_color_selected = Color( 0, 0, 0, 1 )
TextEdit/colors/function_color = Color( 0.4, 0.64, 0.81, 1 )
TextEdit/colors/line_number_color = Color( 0.67, 0.67, 0.67, 0.4 )
TextEdit/colors/mark_color = Color( 1, 0.4, 0.4, 0.4 )
TextEdit/colors/member_variable_color = Color( 0.9, 0.31, 0.35, 1 )
TextEdit/colors/number_color = Color( 0.92, 0.58, 0.2, 1 )
TextEdit/colors/safe_line_number_color = Color( 0.67, 0.78, 0.67, 0.6 )
TextEdit/colors/selection_color = Color( 0.49, 0.49, 0.49, 1 )
TextEdit/colors/symbol_color = Color( 0.94, 0.94, 0.94, 1 )
TextEdit/colors/word_highlighted_color = Color( 0.8, 0.9, 0.9, 0.15 )
TextEdit/constants/completion_lines = 7
TextEdit/constants/completion_max_width = 50
TextEdit/constants/completion_scroll_width = 3
TextEdit/constants/line_spacing = 4
TextEdit/fonts/font = SubResource( 2 )
TextEdit/icons/fold = null
TextEdit/icons/folded = null
TextEdit/icons/space = null
TextEdit/icons/tab = null
TextEdit/styles/completion = null
TextEdit/styles/focus = null
TextEdit/styles/normal = ExtResource( 13 )
TextEdit/styles/read_only = null
VScrollBar/icons/decrement = null
VScrollBar/icons/decrement_highlight = null
VScrollBar/icons/increment = null
VScrollBar/icons/increment_highlight = null
VScrollBar/styles/grabber = ExtResource( 14 )
VScrollBar/styles/grabber_highlight = ExtResource( 15 )
VScrollBar/styles/grabber_pressed = ExtResource( 15 )
VScrollBar/styles/scroll = ExtResource( 16 )
VScrollBar/styles/scroll_focus = ExtResource( 16 )
