[gd_scene load_steps=6 format=2]

[ext_resource path="res://ui/fonts/Iceland-Regular.ttf" type="DynamicFontData" id=1]
[ext_resource path="res://scenes/dials/player_bot.gd" type="Script" id=2]

[sub_resource type="GDScript" id=5]
script/source = "extends Button

var help: bool = false

func _ready() -> void:
	connect(\"button_up\", self, \"_on_pressed\")
	_theme_selection()


func _theme_selection() -> void:
	var theme_
	if global.maker_section == true : # Maker in maker section
		if global.p_clan == \"Voider\":
			theme_ = load(\"res://ui/voiders_maker_theme.tres\")
		if global.p_clan == \"Builder\":
			theme_ = load(\"res://ui/builders_maker_theme.tres\")
		if global.p_clan == \"Thinker\":
			theme_ = load(\"res://ui/thinkers_maker_theme.tres\")
	else: # Dials
		if global.level == 4 : # Maker in dials
			if global.p_clan == \"Voider\":
				theme_ = load(\"res://ui/voiders_maker_theme.tres\")
			if global.p_clan == \"Builder\":
				theme_ = load(\"res://ui/builders_maker_theme.tres\")
			if global.p_clan == \"Thinker\":
				theme_ = load(\"res://ui/thinkers_maker_theme.tres\")
		else: # Non-maker in dials
			if global.p_clan == \"Voider\":
				theme_ = load(\"res://ui/voiders_theme.tres\")
			if global.p_clan == \"Builder\":
				theme_ = load(\"res://ui/builders_theme.tres\")
			if global.p_clan == \"Thinker\":
				theme_ = load(\"res://ui/thinkers_theme.tres\")
		get_node(\".\").set_theme(theme_)


func _on_pressed() -> void:
	owner.get_node(\"button_back\").on_pressed() # Sound trigger

	yield(get_tree().create_timer(0.14), \"timeout\")

	if (global.ingame == true or global.maker_section == true) and help == false :
		get_node(\"/root/connection_back/main_menu\")._theme_selection()
		get_node(\"/root/connection_back/main_menu/loading\").queue_free()
	elif global.maker_section == true and help == true :
		get_node(\"/root/connection_back/main_menu/loading/gameControl/dials/makerz/maker_text_scene/maker_help\").queue_free()
	elif global.current_scene == \"logs\":
		owner.queue_free()
		global.current_scene = \"main_menu\"
	elif global.current_scene == \"options_conn\" :
		get_node(\"/root/connection_back\")._back_from_option()
		owner.queue_free()
		global.current_scene = \"connection\"
	elif global.current_scene == \"options_main\" :
		get_node(\"/root/connection_back/main_menu\")._back_from_option()
		owner.queue_free()
		global.current_scene = \"main_menu\"
	elif global.current_scene == \"credits\":
		owner.queue_free()
		global.current_scene = \"main_menu\"
	elif global.current_scene == \"makerz_charts\":
		owner.queue_free()
		global.current_scene = \"main_menu\"
	else :
		owner.get_node(\"bgControl\").queue_free()
		get_node(\"/root/connection_back/main_menu\")._theme_selection()
		owner.queue_free()


func _help() -> void:
	$\".\".rect_position = Vector2(370, 325)
	help = true


func _set_text() -> void:
	if global.maker_section == true && help == false :
		set_text(\"Quit\")
	elif global.maker_section == true && help == true :
		set_text(\"Close\")
	else :
		set_text(\"Back\")
"

[sub_resource type="DynamicFont" id=1]
size = 28
font_data = ExtResource( 1 )

[sub_resource type="GDScript" id=4]
script/source = "extends AudioStreamPlayer

var sound_dict: Dictionary

func _ready() -> void:
	### Opening the json
	var sound_dict_to_load = File.new()
	sound_dict_to_load.open(\"res://json/sfx.json\", sound_dict_to_load.READ)
	var sound_dict_load = sound_dict_to_load.get_as_text()
	sound_dict = parse_json(sound_dict_load)
	sound_dict_to_load.close()
	
	if get_node(\"..\").get_name() == \"intro\":
		get_node(\"../gameControl/MarginContainer2/skip\").connect(\"pressed\", self, \"on_pressed\")
		get_node(\"../gameControl/MarginContainer3/replay\").connect(\"pressed\", self, \"on_pressed\")
	else: pass


func _scene_change() -> void:
	if global.offline_mode == false :
		if get_tree().get_network_unique_id() == 1 :
			pass
		### Buttons connection in relation to global.current_scene
		else:
			_scene_change_advanced()
	else:
		_scene_change_advanced()


func _scene_change_advanced():
	if get_node(\".\").get_name() == \"button_back\":
		pass
	else:
		if global.current_scene == \"connection\" :
				get_node(\"/root/connection_back/gameControl/MarginContainer/HBoxContainer/VBoxContainer/HBoxContainer/VBoxContainer/admin_creation\").connect(\"pressed\", self, \"on_pressed\")
				get_node(\"/root/connection_back/gameControl/MarginContainer/HBoxContainer/VBoxContainer/HBoxContainer/VBoxContainer/connection\").connect(\"pressed\", self, \"on_pressed\")
				get_node(\"/root/connection_back/gameControl/MarginContainer/VBoxContainer/settings\").connect(\"pressed\", self, \"on_pressed\")
				get_node(\"/root/connection_back/gameControl/MarginContainer/VBoxContainer/quit\").connect(\"pressed\", self, \"on_pressed\")
		elif global.current_scene == \"main_menu\" :
			get_node(\"../gameControl/MarginContainer/VBoxContainer/HBoxContainer/VBoxContainer/dials\").connect(\"pressed\", self, \"on_pressed\")
			get_node(\"../gameControl/MarginContainer/VBoxContainer/HBoxContainer/VBoxContainer2/admin\").connect(\"pressed\", self, \"on_pressed\")
			get_node(\"../gameControl/MarginContainer/VBoxContainer/HBoxContainer/VBoxContainer2/credits\").connect(\"pressed\", self, \"on_pressed\")
			get_node(\"../gameControl/MarginContainer/VBoxContainer/HBoxContainer/VBoxContainer/logs\").connect(\"pressed\", self, \"on_pressed\")
			get_node(\"../gameControl/MarginContainer/VBoxContainer2/settings\").connect(\"pressed\", self, \"on_pressed\")
			get_node(\"../gameControl/MarginContainer/VBoxContainer2/disconnect\").connect(\"pressed\", self, \"on_pressed\")
			get_node(\"../gameControl/MarginContainer/VBoxContainer2/quit\").connect(\"pressed\", self, \"on_pressed\")
			if global.level == 4 :
				get_node(\"../gameControl/MarginContainer/VBoxContainer/HBoxContainer/VBoxContainer3/makerz_charts\").connect(\"pressed\", self, \"on_pressed\")
				get_node(\"../gameControl/MarginContainer/VBoxContainer/HBoxContainer/VBoxContainer3/maker_section\").connect(\"pressed\", self, \"on_pressed\")
		elif global.current_scene == \"player1\" :
			get_node(\"../HBoxContainer/VBoxContainer/make_maker\").connect(\"button_down\", self, \"on_pressed\")
			get_node(\"../MarginContainer2/VBoxContainer/player_text/valid_player_entry\").connect(\"pressed\", self, \"on_pressed\")
		elif global.current_scene == \"makerz\" :
			get_node(\"../HBoxContainer/VBoxContainer/quit\").connect(\"pressed\", self, \"on_pressed\")
		elif global.current_scene == \"logs\" :
			get_node(\"../Panel/MarginContainer/HBoxContainer/VBoxContainer/history_logs\").connect(\"pressed\", self, \"on_pressed\")
			get_node(\"../Panel/MarginContainer/HBoxContainer/VBoxContainer/dials_logs\").connect(\"pressed\", self, \"on_pressed\")
			get_node(\"../Panel/MarginContainer/HBoxContainer/VBoxContainer/maker_logs\").connect(\"pressed\", self, \"on_pressed\")
		elif global.current_scene == \"makerz_charts\" :
			get_node(\"../Panel/MarginContainer/HBoxContainer/VBoxContainer/quest_list\").connect(\"item_selected\", self, \"on_select\")
			get_node(\"../Panel/MarginContainer/MarginContainer/group_size\").connect(\"item_selected\", self, \"on_select\")


### Pressing buttons getting sounds
func on_pressed() -> void:
	AudioServer.get_bus_effect(AudioServer.get_bus_index(\"button_bus\"),0).set_pitch_scale(1)
	var rng = RandomNumberGenerator.new()
	rng.randomize()
	if global.p_clan == \"Voider\" :
		if get_node(\"..\").get_name() == \"intro\":
			AudioServer.set_bus_volume_db(AudioServer.get_bus_index(\"button_bus\"), -30)
			get_node(\".\").stream = load(sound_dict.voiders_buttons_quit[0])
		elif get_node(\".\").get_name() == \"button_back\": # If the player is quiting something
			AudioServer.set_bus_volume_db(AudioServer.get_bus_index(\"button_bus\"), -30)
			get_node(\".\").stream = load(sound_dict.voiders_buttons_quit[0])
		elif global.current_scene == \"logs\" and get_node(\".\").get_name() != \"button_back\" :
			AudioServer.set_bus_volume_db(AudioServer.get_bus_index(\"button_bus\"), -30)
			AudioServer.get_bus_effect(AudioServer.get_bus_index(\"button_bus\"),0).set_pitch_scale(rng.randf_range (0.7, 1.1))
			get_node(\".\").stream = load(sound_dict.voiders_logs[0])
		else : # Other buttons
			AudioServer.set_bus_volume_db(AudioServer.get_bus_index(\"button_bus\"), -20)
			AudioServer.get_bus_effect(AudioServer.get_bus_index(\"button_bus\"),0).set_pitch_scale(rng.randf_range (0.7, 1.3))
			get_node(\".\").stream = load(sound_dict.voiders_buttons_main[0])
		
	elif global.p_clan == \"Builder\" :
		if get_node(\"..\").get_name() == \"intro\":
			AudioServer.set_bus_volume_db(AudioServer.get_bus_index(\"button_bus\"), -30)
			get_node(\".\").stream = load(sound_dict.voiders_buttons_quit[0])
		elif get_node(\".\").get_name() == \"button_back\": # If the player is quiting something
			AudioServer.set_bus_volume_db(AudioServer.get_bus_index(\"button_bus\"), -30)
			get_node(\".\").stream = load(sound_dict.builders_buttons_quit[0])
		elif get_node(\".\").get_name() != \"button_back\" and global.current_scene == \"logs\" :
			AudioServer.set_bus_volume_db(AudioServer.get_bus_index(\"button_bus\"), -30)
			AudioServer.get_bus_effect(AudioServer.get_bus_index(\"button_bus\"),0).set_pitch_scale(rng.randf_range (0.7, 1.3))
			get_node(\".\").stream = load(sound_dict.builders_logs[0])
		else : # Other buttons
			AudioServer.set_bus_volume_db(AudioServer.get_bus_index(\"button_bus\"), -20)
			AudioServer.get_bus_effect(AudioServer.get_bus_index(\"button_bus\"),0).set_pitch_scale(rng.randf_range (0.7, 1.3))
			get_node(\".\").stream = load(sound_dict.builders_buttons_main[0])
	
	elif global.p_clan == \"Thinker\" :
		if get_node(\"..\").get_name() == \"intro\":
			AudioServer.set_bus_volume_db(AudioServer.get_bus_index(\"button_bus\"), -30)
			get_node(\".\").stream = load(sound_dict.voiders_buttons_quit[0])
		elif get_node(\".\").get_name() == \"button_back\": # If the player is quiting something
			AudioServer.set_bus_volume_db(AudioServer.get_bus_index(\"button_bus\"), -30)
			get_node(\".\").stream = load(sound_dict.thinkers_buttons_quit[0])
		elif get_node(\".\").get_name() != \"button_back\" and global.current_scene == \"logs\" :
			AudioServer.set_bus_volume_db(AudioServer.get_bus_index(\"button_bus\"), -30)
			AudioServer.get_bus_effect(AudioServer.get_bus_index(\"button_bus\"),0).set_pitch_scale(rng.randf_range (0.7, 1.3))
			get_node(\".\").stream = load(sound_dict.thinkers_logs[0])
		else : # Other buttons
			AudioServer.set_bus_volume_db(AudioServer.get_bus_index(\"button_bus\"), -20)
			AudioServer.get_bus_effect(AudioServer.get_bus_index(\"button_bus\"),0).set_pitch_scale(rng.randf_range (0.7, 1.3))
			get_node(\".\").stream = load(sound_dict.thinkers_buttons_main[0])
	get_node(\".\").play()


func on_select(item) -> void: # For charts screen 
	AudioServer.get_bus_effect(AudioServer.get_bus_index(\"button_bus\"),0).set_pitch_scale(1)
	var rng = RandomNumberGenerator.new()
	rng.randomize()
	if global.p_clan == \"Voider\" :
		AudioServer.set_bus_volume_db(AudioServer.get_bus_index(\"button_bus\"), -20)
		AudioServer.get_bus_effect(AudioServer.get_bus_index(\"button_bus\"),0).set_pitch_scale(rng.randf_range (0.7, 1.3))
		get_node(\".\").stream = load(sound_dict.voiders_buttons_main[0])
		
	elif global.p_clan == \"Builder\" :
		AudioServer.set_bus_volume_db(AudioServer.get_bus_index(\"button_bus\"), -20)
		AudioServer.get_bus_effect(AudioServer.get_bus_index(\"button_bus\"),0).set_pitch_scale(rng.randf_range (0.7, 1.3))
		get_node(\".\").stream = load(sound_dict.builders_buttons_main[0])
	
	elif global.p_clan == \"Thinker\" :
		AudioServer.set_bus_volume_db(AudioServer.get_bus_index(\"button_bus\"), -20)
		AudioServer.get_bus_effect(AudioServer.get_bus_index(\"button_bus\"),0).set_pitch_scale(rng.randf_range (0.7, 1.3))
		get_node(\".\").stream = load(sound_dict.thinkers_buttons_main[0])
	get_node(\".\").play()
"

[node name="dials" type="Node"]
script = ExtResource( 2 )

[node name="MarginContainer" type="MarginContainer" parent="."]
anchor_right = 1.0
anchor_bottom = 1.0
margin_left = 50.0
margin_top = 50.0
margin_right = -50.0
margin_bottom = -50.0
mouse_filter = 2
custom_constants/margin_right = 220
custom_constants/margin_left = 220
__meta__ = {
"_edit_use_anchors_": false
}

[node name="title" type="Label" parent="MarginContainer"]
margin_left = 220.0
margin_right = 1600.0
margin_bottom = 14.0
size_flags_horizontal = 3
size_flags_vertical = 0

[node name="HBoxContainer" type="MarginContainer" parent="."]
anchor_bottom = 1.0
margin_left = 50.0
margin_top = 50.0
margin_right = 250.0
margin_bottom = -49.9999
size_flags_horizontal = 0
size_flags_vertical = 3
__meta__ = {
"_edit_use_anchors_": false
}

[node name="VBoxContainer" type="VBoxContainer" parent="HBoxContainer"]
margin_top = 356.0
margin_right = 210.0
margin_bottom = 624.0
size_flags_vertical = 4

[node name="CenterContainer" type="CenterContainer" parent="HBoxContainer/VBoxContainer"]
margin_right = 210.0
margin_bottom = 220.0
rect_min_size = Vector2( 0, 220 )
size_flags_horizontal = 3

[node name="avatar_border" type="ColorRect" parent="HBoxContainer/VBoxContainer/CenterContainer"]
margin_top = 5.0
margin_right = 210.0
margin_bottom = 215.0
rect_min_size = Vector2( 210, 210 )
size_flags_horizontal = 5
size_flags_vertical = 5
color = Color( 0.498039, 0.498039, 0.498039, 1 )

[node name="avatar" type="TextureRect" parent="HBoxContainer/VBoxContainer/CenterContainer"]
margin_left = 5.0
margin_top = 10.0
margin_right = 205.0
margin_bottom = 210.0
rect_min_size = Vector2( 200, 200 )
expand = true
stretch_mode = 5

[node name="make_maker" type="Button" parent="HBoxContainer/VBoxContainer"]
margin_top = 224.0
margin_right = 210.0
margin_bottom = 244.0
text = "Make Maker"

[node name="quit" type="Button" parent="HBoxContainer/VBoxContainer"]
margin_left = 5.0
margin_top = 248.0
margin_right = 205.0
margin_bottom = 268.0
rect_min_size = Vector2( 200, 0 )
size_flags_horizontal = 4
text = "Quit"
script = SubResource( 5 )

[node name="dial_help" type="Label" parent="HBoxContainer"]
margin_top = 780.0
margin_right = 210.0
margin_bottom = 980.0
rect_min_size = Vector2( 200, 200 )
size_flags_vertical = 8
custom_fonts/font = SubResource( 1 )
align = 1
valign = 1
autowrap = true
__meta__ = {
"_edit_use_anchors_": false
}

[node name="MarginContainer2" type="MarginContainer" parent="."]
anchor_right = 1.0
anchor_bottom = 1.0
margin_left = 50.0
margin_top = 50.0
margin_right = -49.9999
margin_bottom = -49.9999
mouse_filter = 2
size_flags_horizontal = 9
size_flags_vertical = 9
custom_constants/margin_right = 220
custom_constants/margin_left = 220
__meta__ = {
"_edit_use_anchors_": false
}

[node name="VBoxContainer" type="VBoxContainer" parent="MarginContainer2"]
margin_left = 220.0
margin_right = 1600.0
margin_bottom = 980.0
alignment = 2

[node name="button_back" type="AudioStreamPlayer" parent="."]
bus = "button_bus"
script = SubResource( 4 )

[node name="buttons_player1" type="AudioStreamPlayer" parent="."]
bus = "button_bus"
script = SubResource( 4 )
